@article{white2006automated,
  title={Automated measurement of species and length of fish by computer vision},
  author={White, DJ and Svellingen, C and Strachan, NJC},
  journal={Fisheries Research},
  volume={80},
  number={2},
  pages={203--210},
  year={2006},
  publisher={Elsevier}
}

@article{storbeck2001fish,
  title={Fish species recognition using computer vision and a neural network},
  author={Storbeck, Frank and Daan, Berent},
  journal={Fisheries Research},
  volume={51},
  number={1},
  pages={11--15},
  year={2001},
  publisher={Elsevier}
}

@inproceedings{thonnat1988expert,
  title={An expert system for the automatic classification and description of zooplanktons from monocular images},
  author={Thonnat, M and Gandelin, M},
  booktitle={Pattern Recognition, 1988., 9th International Conference on},
  pages={114--118},
  year={1988},
  organization={IEEE}
}

@inproceedings{berg2006animals,
  title={Animals on the web},
  author={Berg, Tamara L and Forsyth, David A},
  booktitle={Computer Vision and Pattern Recognition, 2006 IEEE Computer Society Conference on},
  volume={2},
  pages={1463--1470},
  year={2006},
  organization={IEEE}
}

@incollection{bay2006surf,
  title={Surf: Speeded up robust features},
  author={Bay, Herbert and Tuytelaars, Tinne and Van Gool, Luc},
  booktitle={Computer Vision--ECCV 2006},
  pages={404--417},
  year={2006},
  publisher={Springer}
}

@inproceedings{dalal2005histograms,
  title={Histograms of oriented gradients for human detection},
  author={Dalal, Navneet and Triggs, Bill},
  booktitle={Computer Vision and Pattern Recognition, 2005. CVPR 2005. IEEE Computer Society Conference on},
  volume={1},
  pages={886--893},
  year={2005},
  organization={IEEE}
}

@inproceedings{rublee2011orb,
  title={ORB: an efficient alternative to SIFT or SURF},
  author={Rublee, Ethan and Rabaud, Vincent and Konolige, Kurt and Bradski, Gary},
  booktitle={Computer Vision (ICCV), 2011 IEEE International Conference on},
  pages={2564--2571},
  year={2011},
  organization={IEEE}
}

@inproceedings{stricker1995similarity,
  title={Similarity of color images},
  author={Stricker, Markus A and Orengo, Markus},
  booktitle={IS\&T/SPIE's Symposium on Electronic Imaging: Science \& Technology},
  pages={381--392},
  year={1995},
  organization={International Society for Optics and Photonics}
}

@article{rokach2010ensemble,
year={2010},
issn={0269-2821},
journal={Artificial Intelligence Review},
volume={33},
number={1-2},
doi={10.1007/s10462-009-9124-7},
title={Ensemble-based classifiers},
url={http://dx.doi.org/10.1007/s10462-009-9124-7},
publisher={Springer Netherlands},
keywords={Ensemble of classifiers; Supervised learning; Classification; Boosting},
author={Rokach, Lior},
pages={1-39},
language={English}
}

@inproceedings{csurka2004visual,
  title={Visual categorization with bags of keypoints},
  author={Csurka, Gabriella and Dance, Christopher and Fan, Lixin and Willamowski, Jutta and Bray, C{\'e}dric},
  booktitle={Workshop on statistical learning in computer vision, ECCV},
  volume={1},
  pages={22},
  year={2004}
}

@article {bhattacharyya1943distance,
    AUTHOR = {Bhattacharyya, A.},
     TITLE = {On a measure of divergence between two statistical populations
              defined by their probability distributions},
   JOURNAL = {Bull. Calcutta Math. Soc.},
  FJOURNAL = {Bulletin of the Calcutta Mathematical Society},
    VOLUME = {35},
      YEAR = {1943},
     PAGES = {99--109},
      ISSN = {0008-0659},
   MRCLASS = {62.0X},
  MRNUMBER = {0010358 (6,7b)},
MRREVIEWER = {R. L. Anderson},
}